@online{PrimitiveRootsStackOverflow,
    author = {Vadim},
    title = {Finding a primitive root of a prime number --- {M}athematics {S}tack {E}xchange},
    year = 2012,
    url = {http://math.stackexchange.com/questions/124408/finding-a-primitive-root-of-a-prime-number},
    note = {Acesso em: 28/09/2015},
}
