@article{Shamir1979,
    author = {Shamir, Adi},
    title = {How to Share a Secret},
    journal = {Communications of the ACM},
    issue_date = {Nov. 1979},
    volume = {22},
    number = {11},
    month = nov,
    year = {1979},
    issn = {0001-0782},
    pages = {612--613},
    numpages = {2},
    url = {http://cs.jhu.edu/~sdoshi/crypto/papers/shamirturing.pdf},
    doi = {10.1145/359168.359176},
    acmid = {359176},
    publisher = {ACM},
    address = {New York, NY, USA},
    keywords = {cryptography, interpolation, key management},
}
@incollection{Beimel2011,
    year = {2011},
    isbn = {978-3-642-20900-0},
    booktitle = {Coding and Cryptology},
    volume = {6639},
    series = {Lecture Notes in Computer Science},
    editor = {Chee, YeowMeng and Guo, Zhenbo and Ling, San and Shao, Fengjing and Tang, Yuansheng and Wang, Huaxiong and Xing, Chaoping},
    doi = {10.1007/978-3-642-20901-7_2},
    title = {Secret-Sharing Schemes: A Survey},
    url = {http://www.cs.bgu.ac.il/~beimel/Papers/Survey.pdf},
    publisher = {Springer Berlin Heidelberg},
    author = {Beimel, Amos},
    pages = {11-46},
    language = {English}
}
@inproceedings{Krawczyk1993,
    author = {Krawczyk, Hugo},
    title = {Secret Sharing Made Short},
    booktitle = {Proceedings of the 13th Annual International Cryptology Conference on Advances in Cryptology},
    series = {CRYPTO '93},
    year = {1994},
    isbn = {3-540-57766-1},
    pages = {136--146},
    numpages = {11},
    url = {https://www.cs.cornell.edu/courses/cs754/2001fa/secretshort.pdf},
    acmid = {705700},
    publisher = {Springer-Verlag},
    address = {London, UK, UK},
}
@incollection{Brickell1990,
    year = {1990},
    isbn = {978-3-540-53433-4},
    booktitle = {Advances in Cryptology — EUROCRYPT ’89},
    volume = {434},
    series = {Lecture Notes in Computer Science},
    editor = {Quisquater, Jean-Jacques and Vandewalle, Joos},
    doi = {10.1007/3-540-46885-4_45},
    title = {Some Ideal Secret Sharing Schemes},
    url = {http://dx.doi.org/10.1007/3-540-46885-4_45},
    publisher = {Springer Berlin Heidelberg},
    author = {Brickell, ErnestF.},
    pages = {468-475},
    language = {English}
}
